%YAML 1.1
%TAG !u! tag:unity3d.com,2011:
--- !u!1 &50562929115912087
GameObject:
  m_ObjectHideFlags: 0
  m_CorrespondingSourceObject: {fileID: 0}
  m_PrefabInstance: {fileID: 0}
  m_PrefabAsset: {fileID: 0}
  serializedVersion: 6
  m_Component:
  - component: {fileID: 8446537549699567252}
  m_Layer: 0
  m_Name: Waypoint_02
  m_TagString: Untagged
  m_Icon: {fileID: 0}
  m_NavMeshLayer: 0
  m_StaticEditorFlags: 0
  m_IsActive: 1
--- !u!4 &8446537549699567252
Transform:
  m_ObjectHideFlags: 0
  m_CorrespondingSourceObject: {fileID: 0}
  m_PrefabInstance: {fileID: 0}
  m_PrefabAsset: {fileID: 0}
  m_GameObject: {fileID: 50562929115912087}
  serializedVersion: 2
  m_LocalRotation: {x: 0, y: 0, z: 0, w: 1}
  m_LocalPosition: {x: 0, y: 2, z: 0}
  m_LocalScale: {x: 1, y: 1, z: 1}
  m_ConstrainProportionsScale: 0
  m_Children: []
  m_Father: {fileID: 1773998843181757121}
  m_LocalEulerAnglesHint: {x: 0, y: 0, z: 0}
--- !u!1 &3124733375759870965
GameObject:
  m_ObjectHideFlags: 0
  m_CorrespondingSourceObject: {fileID: 0}
  m_PrefabInstance: {fileID: 0}
  m_PrefabAsset: {fileID: 0}
  serializedVersion: 6
  m_Component:
  - component: {fileID: 5133202584511476777}
  m_Layer: 0
  m_Name: Waypoint_01
  m_TagString: Untagged
  m_Icon: {fileID: 0}
  m_NavMeshLayer: 0
  m_StaticEditorFlags: 0
  m_IsActive: 1
--- !u!4 &5133202584511476777
Transform:
  m_ObjectHideFlags: 0
  m_CorrespondingSourceObject: {fileID: 0}
  m_PrefabInstance: {fileID: 0}
  m_PrefabAsset: {fileID: 0}
  m_GameObject: {fileID: 3124733375759870965}
  serializedVersion: 2
  m_LocalRotation: {x: 0, y: 0, z: 0, w: 1}
  m_LocalPosition: {x: 0, y: 0, z: 0}
  m_LocalScale: {x: 1, y: 1, z: 1}
  m_ConstrainProportionsScale: 0
  m_Children: []
  m_Father: {fileID: 1773998843181757121}
  m_LocalEulerAnglesHint: {x: 0, y: 0, z: 0}
--- !u!1 &3138068375417860231
GameObject:
  m_ObjectHideFlags: 0
  m_CorrespondingSourceObject: {fileID: 0}
  m_PrefabInstance: {fileID: 0}
  m_PrefabAsset: {fileID: 0}
  serializedVersion: 6
  m_Component:
  - component: {fileID: 1773998843181757121}
  - component: {fileID: 3588073022345467089}
  m_Layer: 0
  m_Name: MovingPlatform_01
  m_TagString: Untagged
  m_Icon: {fileID: 0}
  m_NavMeshLayer: 0
  m_StaticEditorFlags: 0
  m_IsActive: 1
--- !u!4 &1773998843181757121
Transform:
  m_ObjectHideFlags: 0
  m_CorrespondingSourceObject: {fileID: 0}
  m_PrefabInstance: {fileID: 0}
  m_PrefabAsset: {fileID: 0}
  m_GameObject: {fileID: 3138068375417860231}
  serializedVersion: 2
  m_LocalRotation: {x: 0, y: 0, z: 0, w: 1}
  m_LocalPosition: {x: 0, y: -1, z: 0}
  m_LocalScale: {x: 1, y: 1, z: 1}
  m_ConstrainProportionsScale: 0
  m_Children:
  - {fileID: 2146369345930004336}
  - {fileID: 5133202584511476777}
  - {fileID: 8446537549699567252}
  m_Father: {fileID: 0}
  m_LocalEulerAnglesHint: {x: 0, y: 0, z: 0}
--- !u!114 &3588073022345467089
MonoBehaviour:
  m_ObjectHideFlags: 0
  m_CorrespondingSourceObject: {fileID: 0}
  m_PrefabInstance: {fileID: 0}
  m_PrefabAsset: {fileID: 0}
  m_GameObject: {fileID: 3138068375417860231}
  m_Enabled: 1
  m_EditorHideFlags: 0
  m_Script: {fileID: 11500000, guid: 4ee56159a68780942a1ce79a512ce066, type: 3}
  m_Name: 
  m_EditorClassIdentifier: 
  _platform: {fileID: 1085878509730394883}
  _waypoints:
  - {fileID: 5133202584511476777}
  - {fileID: 8446537549699567252}
  _maxSpeed: 2
  _pauseTime: 1
--- !u!1001 &5362934772967138166
PrefabInstance:
  m_ObjectHideFlags: 0
  serializedVersion: 2
  m_Modification:
    serializedVersion: 3
    m_TransformParent: {fileID: 1773998843181757121}
    m_Modifications:
    - target: {fileID: 5007202355297259637, guid: 0af00ff05d67dc44d811cba796175c25, type: 3}
      propertyPath: m_Name
      value: Platform_01
      objectReference: {fileID: 0}
    - target: {fileID: 5007202355297259637, guid: 0af00ff05d67dc44d811cba796175c25, type: 3}
      propertyPath: m_TagString
      value: MovingPlatform
      objectReference: {fileID: 0}
    - target: {fileID: 6315620419168232454, guid: 0af00ff05d67dc44d811cba796175c25, type: 3}
      propertyPath: m_LocalPosition.x
      value: 0
      objectReference: {fileID: 0}
    - target: {fileID: 6315620419168232454, guid: 0af00ff05d67dc44d811cba796175c25, type: 3}
      propertyPath: m_LocalPosition.y
      value: 0
      objectReference: {fileID: 0}
    - target: {fileID: 6315620419168232454, guid: 0af00ff05d67dc44d811cba796175c25, type: 3}
      propertyPath: m_LocalPosition.z
      value: 0
      objectReference: {fileID: 0}
    - target: {fileID: 6315620419168232454, guid: 0af00ff05d67dc44d811cba796175c25, type: 3}
      propertyPath: m_LocalRotation.w
      value: 1
      objectReference: {fileID: 0}
    - target: {fileID: 6315620419168232454, guid: 0af00ff05d67dc44d811cba796175c25, type: 3}
      propertyPath: m_LocalRotation.x
      value: -0
      objectReference: {fileID: 0}
    - target: {fileID: 6315620419168232454, guid: 0af00ff05d67dc44d811cba796175c25, type: 3}
      propertyPath: m_LocalRotation.y
      value: -0
      objectReference: {fileID: 0}
    - target: {fileID: 6315620419168232454, guid: 0af00ff05d67dc44d811cba796175c25, type: 3}
      propertyPath: m_LocalRotation.z
      value: -0
      objectReference: {fileID: 0}
    - target: {fileID: 6315620419168232454, guid: 0af00ff05d67dc44d811cba796175c25, type: 3}
      propertyPath: m_LocalEulerAnglesHint.x
      value: 0
      objectReference: {fileID: 0}
    - target: {fileID: 6315620419168232454, guid: 0af00ff05d67dc44d811cba796175c25, type: 3}
      propertyPath: m_LocalEulerAnglesHint.y
      value: 0
      objectReference: {fileID: 0}
    - target: {fileID: 6315620419168232454, guid: 0af00ff05d67dc44d811cba796175c25, type: 3}
      propertyPath: m_LocalEulerAnglesHint.z
      value: 0
      objectReference: {fileID: 0}
    m_RemovedComponents: []
    m_RemovedGameObjects: []
    m_AddedGameObjects: []
    m_AddedComponents:
    - targetCorrespondingSourceObject: {fileID: 5007202355297259637, guid: 0af00ff05d67dc44d811cba796175c25, type: 3}
      insertIndex: 2
      addedObject: {fileID: 3994059832939178344}
  m_SourcePrefab: {fileID: 100100000, guid: 0af00ff05d67dc44d811cba796175c25, type: 3}
--- !u!1 &1085878509730394883 stripped
GameObject:
  m_CorrespondingSourceObject: {fileID: 5007202355297259637, guid: 0af00ff05d67dc44d811cba796175c25, type: 3}
  m_PrefabInstance: {fileID: 5362934772967138166}
  m_PrefabAsset: {fileID: 0}
--- !u!50 &3994059832939178344
Rigidbody2D:
  serializedVersion: 4
  m_ObjectHideFlags: 0
  m_CorrespondingSourceObject: {fileID: 0}
  m_PrefabInstance: {fileID: 0}
  m_PrefabAsset: {fileID: 0}
  m_GameObject: {fileID: 1085878509730394883}
  m_BodyType: 1
  m_Simulated: 1
  m_UseFullKinematicContacts: 0
  m_UseAutoMass: 0
  m_Mass: 1
  m_LinearDrag: 0
  m_AngularDrag: 0.05
  m_GravityScale: 1
  m_Material: {fileID: 0}
  m_IncludeLayers:
    serializedVersion: 2
    m_Bits: 0
  m_ExcludeLayers:
    serializedVersion: 2
    m_Bits: 0
  m_Interpolate: 1
  m_SleepingMode: 1
  m_CollisionDetection: 1
  m_Constraints: 4
--- !u!4 &2146369345930004336 stripped
Transform:
  m_CorrespondingSourceObject: {fileID: 6315620419168232454, guid: 0af00ff05d67dc44d811cba796175c25, type: 3}
  m_PrefabInstance: {fileID: 5362934772967138166}
  m_PrefabAsset: {fileID: 0}
